@INPROCEEDINGS{resnageneral,
    title     = {The Design of Lilâ€™Flo, an Affordable Socially Assistive Robot for Telepresence Rehabilitation},
    author    = {Sobrepera, Michael J and Johnson, Michelle J},
    booktitle = "Proceedings of the 2018 Rehabilitation Engineering and Assistive Technology Society of North America (RESNA) Conference",
    year      = {2018},
    publisher = {RESNA},

}

@INPROCEEDINGS{resnaface,
    title     = {Creating An Emotive Robotic Face To Inspire Trust In Telepresence And Autonomous Rehabilitation Activities},
    author    = {Kina, Enri and Sobrepera, Michael J and Diana, Carla and Johnson, Michelle J},
    booktitle = "Proceedings of the 2018 Rehabilitation Engineering and Assistive Technology Society of North America (RESNA) Conference",
    year      = {2018},
    publisher = {RESNA},
}
